<record><leader>00000cas a22000007a 4500</leader><controlfield tag="001">19219906</controlfield><controlfield tag="008">890215d19041914nduwr ne      0    0eng d</controlfield><datafield ind1=" " ind2=" " tag="010"><subfield code="a">sn 89074025 </subfield></datafield><datafield ind1=" " ind2=" " tag="040"><subfield code="a">NOP</subfield><subfield code="b">eng</subfield><subfield code="c">NOP</subfield><subfield code="d">OCLCQ</subfield></datafield><datafield ind1=" " ind2=" " tag="042"><subfield code="a">msc</subfield></datafield><datafield ind1="0" ind2="4" tag="245"><subfield code="a">The Minot weekly optic.</subfield></datafield><datafield ind1=" " ind2=" " tag="260"><subfield code="a">Minot, N.D. :</subfield><subfield code="b">Minot Optic</subfield></datafield><datafield ind1=" " ind2=" " tag="300"><subfield code="a">v. :</subfield><subfield code="b">ill.</subfield></datafield><datafield ind1=" " ind2=" " tag="310"><subfield code="a">Weekly</subfield></datafield><datafield ind1="1" ind2=" " tag="362"><subfield code="a">Began in Jan. 1904? Ceased May 21, 1914?</subfield></datafield><datafield ind1=" " ind2=" " tag="500"><subfield code="a">Official paper of Ward County.</subfield></datafield><datafield ind1=" " ind2=" " tag="530"><subfield code="a">Available on microfilm from the State Historical Society of North Dakota.</subfield></datafield><datafield ind1=" " ind2=" " tag="588"><subfield code="a">Description based on: Vol. 5, no. 7 (Dec. 1, 1905).</subfield></datafield><datafield ind1=" " ind2=" " tag="752"><subfield code="a">United States</subfield><subfield code="b">North Dakota</subfield><subfield code="c">Ward</subfield><subfield code="d">Minot.</subfield></datafield><datafield ind1="0" ind2=" " tag="775"><subfield code="t">Minot daily optic</subfield><subfield code="w">(DLC)sn 89074028</subfield></datafield><datafield ind1="0" ind2="0" tag="780"><subfield code="t">Minot optic (Minot, N.D. : 1898)</subfield><subfield code="w">(DLC)sn 89074024</subfield></datafield><datafield ind1="0" ind2="7" tag="785"><subfield code="t">Ward County reporter (Minot, N.D. : 1896)</subfield><subfield code="w">(DLC)sn 89074022</subfield></datafield><datafield ind1="0" ind2="7" tag="785"><subfield code="t">Minot weekly optic-reporter</subfield><subfield code="w">(DLC)sn 89074059</subfield></datafield></record>